<?xml version="1.0" encoding="UTF-8"?><collection xmlns="http://www.loc.gov/MARC21/slim"><record><leader>00567nam--2200145-i-4500</leader><controlfield tag="001">000029822</controlfield><controlfield tag="002">20161230</controlfield><controlfield tag="005">20161230201037</controlfield><controlfield tag="008">060222s1000------------r-----000-0-eng-d</controlfield><datafield ind1=" " ind2=" " tag="080"><subfield code="a">621.039.647(061.3)</subfield></datafield><datafield ind1=" " ind2=" " tag="245"><subfield code="a">Low-energy ion beams, 1980. invited and contributed papers presented at the second international conference on low-energy ion beams held at the univ.of bath, 14-17 april, 1980</subfield></datafield><datafield ind1=" " ind2=" " tag="260"><subfield code="a">Bristol, Institute Of Physics,, 1980, X + 354p</subfield></datafield><datafield ind1=" " ind2=" " tag="490"><subfield code="a">The Institute Of Physics, Conference Series</subfield></datafield><datafield ind1=" " ind2=" " tag="700"><subfield code="a">Wilson, I.H.And Stephens, K.G</subfield></datafield><datafield ind1=" " ind2=" " tag="852"><subfield code="a">70237</subfield></datafield></record></collection>